<record><leader>00000cas a2200000 a 4500</leader><controlfield tag="001">33805457</controlfield><controlfield tag="008">951127d19111915azuwr ne      0   a0eng d</controlfield><controlfield tag="009">17702</controlfield><datafield ind1=" " ind2=" " tag="010"><subfield code="a">sn 95060876 </subfield></datafield><datafield ind1=" " ind2=" " tag="040"><subfield code="a">ANN</subfield><subfield code="b">eng</subfield><subfield code="c">ANN</subfield><subfield code="d">OCLCQ</subfield><subfield code="d">DLC</subfield><subfield code="d">OCLCF</subfield></datafield><datafield ind1=" " ind2=" " tag="012"><subfield code="l">a</subfield></datafield><datafield ind1="0" ind2=" " tag="022"><subfield code="a">2166-9775</subfield><subfield code="2">1</subfield></datafield><datafield ind1="1" ind2=" " tag="029"><subfield code="a">AU@</subfield><subfield code="b">000012146493</subfield></datafield><datafield ind1=" " ind2=" " tag="042"><subfield code="a">msc</subfield><subfield code="a">nsdp</subfield></datafield><datafield ind1=" " ind2=" " tag="043"><subfield code="a">n-us-az</subfield></datafield><datafield ind1="0" ind2="0" tag="050"><subfield code="a">Newspaper</subfield></datafield><datafield ind1="1" ind2="0" tag="082"><subfield code="a">071</subfield><subfield code="2">14</subfield></datafield><datafield ind1=" " ind2="0" tag="222"><subfield code="a">Arizona sentinel and Yuma weekly examiner</subfield></datafield><datafield ind1="0" ind2="0" tag="245"><subfield code="a">Arizona sentinel and Yuma weekly examiner.</subfield></datafield><datafield ind1="1" ind2="3" tag="246"><subfield code="a">Arizona sentinel</subfield></datafield><datafield ind1=" " ind2=" " tag="260"><subfield code="a">Yuma, Ariz. :</subfield><subfield code="b">W.H. Shorey,</subfield><subfield code="c">-1915.</subfield></datafield><datafield ind1=" " ind2=" " tag="300"><subfield code="a">v.</subfield></datafield><datafield ind1=" " ind2=" " tag="310"><subfield code="a">Weekly</subfield></datafield><datafield ind1="1" ind2=" " tag="362"><subfield code="a">Began in 1911.</subfield><subfield code="z">Cf. Lutrell, E. Newspapers and Periodicals of Arizona 1859-1911</subfield></datafield><datafield ind1="0" ind2=" " tag="362"><subfield code="a">-v. 45, no. 25 (June 3, 1915).</subfield></datafield><datafield ind1=" " ind2=" " tag="530"><subfield code="a">Archived issues are available in digital format as part of the Library of Congress Chronicling America online collection.</subfield></datafield><datafield ind1=" " ind2=" " tag="580"><subfield code="a">Merger of: Arizona sentinel (Yuma, Ariz. : 1872), and: Yuma weekly examiner.</subfield></datafield><datafield ind1=" " ind2=" " tag="588"><subfield code="a">Description based on: Vol. 41, no. 49 (Oct. 5, 1911).</subfield></datafield><datafield ind1=" " ind2="0" tag="651"><subfield code="a">Yuma (Ariz.)</subfield><subfield code="v">Newspapers.</subfield></datafield><datafield ind1=" " ind2="0" tag="651"><subfield code="a">Yuma County (Ariz.)</subfield><subfield code="v">Newspapers.</subfield></datafield><datafield ind1=" " ind2="7" tag="655"><subfield code="a">Newspapers.</subfield><subfield code="2">fast</subfield><subfield code="0">(OCoLC)fst01423814</subfield></datafield><datafield ind1=" " ind2="7" tag="651"><subfield code="a">Arizona</subfield><subfield code="z">Yuma.</subfield><subfield code="2">fast</subfield><subfield code="0">(OCoLC)fst01213905</subfield></datafield><datafield ind1=" " ind2="7" tag="651"><subfield code="a">Arizona</subfield><subfield code="z">Yuma County.</subfield><subfield code="2">fast</subfield><subfield code="0">(OCoLC)fst01214073</subfield></datafield><datafield ind1=" " ind2=" " tag="752"><subfield code="a">United States</subfield><subfield code="b">Arizona</subfield><subfield code="c">Yuma</subfield><subfield code="d">Yuma.</subfield></datafield><datafield ind1="0" ind2=" " tag="775"><subfield code="a">Yuma examiner (Yuma, Ariz. : 1906)</subfield><subfield code="w">(DLC)sn 95060875</subfield><subfield code="w">(OCoLC)33602680</subfield></datafield><datafield ind1="1" ind2="4" tag="780"><subfield code="t">Arizona sentinel (Yuma, Ariz. : 1872)</subfield><subfield code="x">2166-1928</subfield><subfield code="w">(DLC)sn 84021912</subfield><subfield code="w">(OCoLC)2701984</subfield></datafield><datafield ind1="1" ind2="4" tag="780"><subfield code="t">Yuma weekly examiner</subfield></datafield><datafield ind1="0" ind2="0" tag="785"><subfield code="t">Arizona sentinel Yuma southwest</subfield><subfield code="x">2166-9783</subfield><subfield code="w">(DLC)sn 95060877</subfield><subfield code="w">(OCoLC)33805301</subfield></datafield><datafield ind1="4" ind2="1" tag="856"><subfield code="u">http://www.loc.gov/chroniclingamerica/lccn/sn95060876/issues</subfield></datafield></record>